@inproceedings{HershbergerKS17,
  author    = {John Hershberger and
               Neeraj Kumar and
               Subhash Suri},
  title     = {Shortest Paths in the Plane with Obstacle Violations},
  booktitle = {25th Annual European Symposium on Algorithms, {ESA} 2017, September
               4-6, 2017, Vienna, Austria},
  pages     = {49:1--49:14},
  year      = {2017},
  crossref  = {DBLP:conf/esa/2017},
  url       = {https://doi.org/10.4230/LIPIcs.ESA.2017.49},
  doi       = {10.4230/LIPIcs.ESA.2017.49},
  timestamp = {Wed, 03 Jan 2018 16:51:51 +0100},
  biburl    = {http://dblp.org/rec/bib/conf/esa/HershbergerKS17},
  bibsource = {dblp computer science bibliography, http://dblp.org}
}

@proceedings{DBLP:conf/esa/2017,
  editor    = {Kirk Pruhs and
               Christian Sohler},
  title     = {25th Annual European Symposium on Algorithms, {ESA} 2017, September
               4-6, 2017, Vienna, Austria},
  series    = {LIPIcs},
  volume    = {87},
  publisher = {Schloss Dagstuhl - Leibniz-Zentrum fuer Informatik},
  year      = {2017},
  url       = {http://www.dagstuhl.de/dagpub/978-3-95977-049-1},
  isbn      = {978-3-95977-049-1},
  timestamp = {Wed, 27 Sep 2017 14:22:05 +0200},
  biburl    = {http://dblp.org/rec/bib/conf/esa/2017},
  bibsource = {dblp computer science bibliography, http://dblp.org}
}

@article{HershbergerS99,
  author    = {John Hershberger and
               Subhash Suri},
  title     = {An Optimal Algorithm for Euclidean Shortest Paths in the Plane},
  journal   = {{SIAM} J. Comput.},
  volume    = {28},
  number    = {6},
  pages     = {2215--2256},
  year      = {1999},
  url       = {https://doi.org/10.1137/S0097539795289604},
  doi       = {10.1137/S0097539795289604},
  timestamp = {Wed, 03 Jan 2018 16:51:51 +0100},
  biburl    = {http://dblp.org/rec/bib/journals/siamcomp/HershbergerS99},
  bibsource = {dblp computer science bibliography, http://dblp.org}
}

@article{Mitchell91,
  author    = {Joseph S. B. Mitchell},
  title     = {A New Algorithm for Shortest Paths Among Obstacles in the Plane},
  journal   = {Ann. Math. Artif. Intell.},
  volume    = {3},
  number    = {1},
  pages     = {83--105},
  year      = {1991},
  url       = {https://doi.org/10.1007/BF01530888},
  doi       = {10.1007/BF01530888},
  timestamp = {Sun, 28 May 2017 13:20:59 +0200},
  biburl    = {http://dblp.org/rec/bib/journals/amai/Mitchell91},
  bibsource = {dblp computer science bibliography, http://dblp.org}
}

@book{IntroToAlg,
  title 	= {Introduction to Algorithms},
  author 	= {Thomas H. Cormen, Charles E. LeiserSon, Ronald L. Rivest and Clifford Stein},
  year 		= {2009}, 
  publisher = {The MIT press}
}

@book{CompGeo,
  title 	= {Computational Geometry},
  subtitle 	= {Algorithms and Application},
  author 	= {Mark de Berg, Otfried Cheong, Marc van Kreveld and Mark Overmars},
  year 		= {2008}, 
  publisher = {Springer}
}

@book{Hyperbola,
  title 	= {Calculus},
  subtitle  = {Concepts & Contexts},
  year 		= 2006,
  author 	= {James Stewart},
  publisher = {Thomson}
}

@book{Bisector-collinearity-convexPoly,
  title		= {Geometry},
  year 		= 2000,
  author 	= {Serge Lang and Gene Murrow},
  publisher = {Springer},
  year 		= {2018-07-02}
}

@book{metricspaceandpoints,
  title 	= {An Introduction to Metric Spaces and Fixed Point Theory},
  subtitle  = {Pure and applied Mathematics: A Wiley-interscience Series of texts, Monographs, and Tracts},
  author 	= {Mohamed A. Khamsi and William A. Kirk},
  year 		= {2001}, 
  publisher = {Wiley-interscience Publication}
}

@article{Rohnert86,
  author    = {Hans Rohnert},
  title     = {Shortest Paths in the Plane with Convex Polygonal Obstacles},
  journal   = {Inf. Process. Lett.},
  volume    = {23},
  number    = {2},
  pages     = {71--76},
  year      = {1986},
  url       = {https://doi.org/10.1016/0020-0190(86)90045-1},
  doi       = {10.1016/0020-0190(86)90045-1},
  timestamp = {Fri, 26 May 2017 22:54:45 +0200},
  biburl    = {http://dblp.org/rec/bib/journals/ipl/Rohnert86},
  bibsource = {dblp computer science bibliography, http://dblp.org}
}

@article{Dijkstra59,
 author = {Dijkstra, E. W.},
 title = {A Note on Two Problems in Connexion with Graphs},
 journal = {Numerische Mathematik},
 issue_date = {December  1959},
 volume = {1},
 number = {1},
 month = dec,
 year = {1959},
 issn = {0029-599X},
 pages = {269--271},
 numpages = {3},
 url = {http://dx.doi.org/10.1007/BF01386390},
 doi = {10.1007/BF01386390},
 acmid = {2722945},
 publisher = {Springer-Verlag New York, Inc.},
 address = {Secaucus, NJ, USA},
} 

@book{GraphTheory,
  title 	= {Graph Theory with application},
  author 	= {J. A. Bondy and U. S. R. Murty},
  year 		= {1982}, 
  publisher = {Elsevier Science Publication Co., Inc.}
}

@INPROCEEDINGS{red-black-trees-original,
author = {R. Sedgewick and L. J. Guibas},
booktitle = {19th Annual Symposium on Foundations of Computer Science (sfcs 1978)(FOCS)},
title = {A dichromatic framework for balanced trees},
year = {1978},
volume = {00},
number = {},
pages = {8-21},
keywords={},
doi = {10.1109/SFCS.1978.3},
url = {doi.ieeecomputersociety.org/10.1109/SFCS.1978.3},
ISSN = {0272-5428},
month={10}
}

@article{EdelsbrunnerGS86,
  author    = {Herbert Edelsbrunner and
               Leonidas J. Guibas and
               Jorge Stolfi},
  title     = {Optimal Point Location in a Monotone Subdivision},
  journal   = {{SIAM} J. Comput.},
  volume    = {15},
  number    = {2},
  pages     = {317--340},
  year      = {1986},
  url       = {https://doi.org/10.1137/0215023},
  doi       = {10.1137/0215023},
  timestamp = {Sat, 27 May 2017 14:22:59 +0200},
  biburl    = {https://dblp.org/rec/bib/journals/siamcomp/EdelsbrunnerGS86},
  bibsource = {dblp computer science bibliography, https://dblp.org}
}

@article{Kirkpatrick83,
  author    = {David G. Kirkpatrick},
  title     = {Optimal Search in Planar Subdivisions},
  journal   = {{SIAM} J. Comput.},
  volume    = {12},
  number    = {1},
  pages     = {28--35},
  year      = {1983},
  url       = {https://doi.org/10.1137/0212002},
  doi       = {10.1137/0212002},
  timestamp = {Sat, 27 May 2017 14:22:58 +0200},
  biburl    = {https://dblp.org/rec/bib/journals/siamcomp/Kirkpatrick83},
  bibsource = {dblp computer science bibliography, https://dblp.org}
}
@inproceedings{DBLP:conf/compgeom/OvermarsW89,
  author    = {Mark H. Overmars and
               Emo Welzl},
  title     = {New Methods for Computing Visibility Graphs},
  booktitle = {Proceedings of the Fourth Annual Symposium on Computational Geometry,
               Urbana-Champaign, IL, USA, June 6-8, 1988},
  pages     = {164--171},
  year      = {1988},
  crossref  = {DBLP:conf/compgeom/1988},
  url       = {http://doi.acm.org/10.1145/73393.73410},
  doi       = {10.1145/73393.73410},
  timestamp = {Fri, 30 Jan 2015 14:53:39 +0100},
  biburl    = {https://dblp.org/rec/bib/conf/compgeom/OvermarsW89},
  bibsource = {dblp computer science bibliography, https://dblp.org}
}

@proceedings{DBLP:conf/compgeom/1988,
  editor    = {Herbert Edelsbrunner},
  title     = {Proceedings of the Fourth Annual Symposium on Computational Geometry,
               Urbana-Champaign, IL, USA, June 6-8, 1988},
  publisher = {{ACM}},
  year      = {1988},
  url       = {http://doi.acm.org/10.1145/73393},
  doi       = {10.1145/73393},
  isbn      = {0-89791-270-5},
  timestamp = {Fri, 30 Jan 2015 14:53:39 +0100},
  biburl    = {https://dblp.org/rec/bib/conf/compgeom/1988},
  bibsource = {dblp computer science bibliography, https://dblp.org}
}

@article{GhoshM91,
  author    = {Subir Kumar Ghosh and
               David M. Mount},
  title     = {An Output-Sensitive Algorithm for Computing Visibility Graphs},
  journal   = {{SIAM} J. Comput.},
  volume    = {20},
  number    = {5},
  pages     = {888--910},
  year      = {1991},
  url       = {https://doi.org/10.1137/0220055},
  doi       = {10.1137/0220055},
  timestamp = {Sat, 27 May 2017 14:22:59 +0200},
  biburl    = {https://dblp.org/rec/bib/journals/siamcomp/GhoshM91},
  bibsource = {dblp computer science bibliography, https://dblp.org}
}
@inproceedings{DBLP:conf/compgeom/KapoorM89,
  author    = {Sanjiv Kapoor and
               S. N. Maheshwari},
  title     = {Efficient Algorithms for Euclidean Shortest Path and Visibility Problems
               with Polygonal Obstacles},
  booktitle = {Proceedings of the Fourth Annual Symposium on Computational Geometry,
               Urbana-Champaign, IL, USA, June 6-8, 1988},
  pages     = {172--182},
  year      = {1988},
  crossref  = {DBLP:conf/compgeom/1988},
  url       = {http://doi.acm.org/10.1145/73393.73411},
  doi       = {10.1145/73393.73411},
  timestamp = {Fri, 30 Jan 2015 14:53:39 +0100},
  biburl    = {https://dblp.org/rec/bib/conf/compgeom/KapoorM89},
  bibsource = {dblp computer science bibliography, https://dblp.org}
}

@proceedings{FOCS31a,
  title     = {31st Annual Symposium on Foundations of Computer Science, St. Louis,
               Missouri, USA, October 22-24, 1990, Volume {I}},
  publisher = {{IEEE} Computer Society},
  year      = {1990},
  url       = {http://ieeexplore.ieee.org/xpl/mostRecentIssue.jsp?punumber=310},
  isbn      = {0-8186-2082-X},
  timestamp = {Mon, 15 Dec 2014 18:48:44 +0100},
  biburl    = {https://dblp.org/rec/bib/conf/focs/FOCS31a},
  bibsource = {dblp computer science bibliography, https://dblp.org}
}



@article{Mitchell87,
  author    = {Joseph S. B. Mitchell and
               David M. Mount and
               Christos H. Papadimitriou},
  title     = {The Discrete Geodesic Problem},
  journal   = {{SIAM} J. Comput.},
  volume    = {16},
  number    = {4},
  pages     = {647--668},
  year      = {1987},
  url       = {https://doi.org/10.1137/0216045},
  doi       = {10.1137/0216045},
  timestamp = {Sat, 27 May 2017 14:22:59 +0200},
  biburl    = {https://dblp.org/rec/bib/journals/siamcomp/MitchellMP87},
  bibsource = {dblp computer science bibliography, https://dblp.org}
}

@inproceedings{ChewD85,
  author    = {L. Paul Chew and
               Robert L. (Scot) Drysdale III},
  title     = {Voronoi diagrams based on convex distance functions},
  booktitle = {Proceedings of the First Annual Symposium on Computational Geometry,
               Baltimore, Maryland, USA, June 5-7, 1985},
  pages     = {235--244},
  year      = {1985},
  crossref  = {DBLP:conf/compgeom/1985},
  url       = {http://doi.acm.org/10.1145/323233.323264},
  doi       = {10.1145/323233.323264},
  timestamp = {Fri, 30 Jan 2015 14:53:40 +0100},
  biburl    = {https://dblp.org/rec/bib/conf/compgeom/ChewD85},
  bibsource = {dblp computer science bibliography, https://dblp.org}
}

@book{PreparataS85,
  author    = {Franco P. Preparata and
               Michael Ian Shamos},
  title     = {Computational Geometry - An Introduction},
  series    = {Texts and Monographs in Computer Science},
  publisher = {Springer},
  year      = {1985},
  url       = {https://doi.org/10.1007/978-1-4612-1098-6},
  doi       = {10.1007/978-1-4612-1098-6},
  isbn      = {3-540-96131-3},
  timestamp = {Tue, 16 May 2017 14:01:44 +0200},
  biburl    = {https://dblp.org/rec/bib/books/sp/PreparataS85},
  bibsource = {dblp computer science bibliography, https://dblp.org}
}
@inproceedings{DBLP:conf/stoc/Ben-Or83,
  author    = {Michael Ben{-}Or},
  title     = {Lower Bounds for Algebraic Computation Trees (Preliminary Report)},
  booktitle = {Proceedings of the 15th Annual {ACM} Symposium on Theory of Computing,
               25-27 April, 1983, Boston, Massachusetts, {USA}},
  pages     = {80--86},
  year      = {1983},
  crossref  = {DBLP:conf/stoc/STOC15},
  url       = {http://doi.acm.org/10.1145/800061.808735},
  doi       = {10.1145/800061.808735},
  timestamp = {Mon, 17 Oct 2011 17:25:06 +0200},
  biburl    = {https://dblp.org/rec/bib/conf/stoc/Ben-Or83},
  bibsource = {dblp computer science bibliography, https://dblp.org}
}
@proceedings{DBLP:conf/stoc/STOC15,
  editor    = {David S. Johnson and
               Ronald Fagin and
               Michael L. Fredman and
               David Harel and
               Richard M. Karp and
               Nancy A. Lynch and
               Christos H. Papadimitriou and
               Ronald L. Rivest and
               Walter L. Ruzzo and
               Joel I. Seiferas},
  title     = {Proceedings of the 15th Annual {ACM} Symposium on Theory of Computing,
               25-27 April, 1983, Boston, Massachusetts, {USA}},
  publisher = {{ACM}},
  year      = {1983},
  timestamp = {Mon, 17 Oct 2011 15:55:10 +0200},
  biburl    = {https://dblp.org/rec/bib/conf/stoc/STOC15},
  bibsource = {dblp computer science bibliography, https://dblp.org}
}
